<?xml version="1.0" encoding="UTF-8"?><record xmlns="http://www.loc.gov/MARC21/slim" xmlns:cinclude="http://apache.org/cocoon/include/1.0" xmlns:zs="http://www.loc.gov/zing/srw/">
  <leader>01106nz  a2200181n  4500</leader>
  <controlfield tag="001">no2015109029</controlfield>
  <controlfield tag="003">DLC</controlfield>
  <controlfield tag="005">20150819073542.0</controlfield>
  <controlfield tag="008">150818n| azannaabn          |a ana     c</controlfield>
  <datafield tag="010" ind1=" " ind2=" ">
    <subfield code="a">no2015109029</subfield>
  </datafield>
  <datafield tag="035" ind1=" " ind2=" ">
    <subfield code="a">(OCoLC)oca10246923</subfield>
  </datafield>
  <datafield tag="040" ind1=" " ind2=" ">
    <subfield code="a">DGPO</subfield>
    <subfield code="b">eng</subfield>
    <subfield code="e">rda</subfield>
    <subfield code="c">DGPO</subfield>
  </datafield>
  <datafield tag="046" ind1=" " ind2=" ">
    <subfield code="k">20150730</subfield>
  </datafield>
  <datafield tag="110" ind1="1" ind2=" ">
    <subfield code="a">United States.</subfield>
    <subfield code="t">Medicare Independence at Home Medical Practice Demonstration Improvement Act of 2015</subfield>
  </datafield>
  <datafield tag="380" ind1=" " ind2=" ">
    <subfield code="a">Statutes and codes</subfield>
    <subfield code="2">lcgft</subfield>
  </datafield>
  <datafield tag="410" ind1="1" ind2=" ">
    <subfield code="a">United States.</subfield>
    <subfield code="t">Act to Amend Title XVIII of the Social Security Act to Provide for an Increase in the Limit on the Length of an Agreement under the Medicare Independence at Home Medical Practice Demonstration Program</subfield>
  </datafield>
  <datafield tag="410" ind1="1" ind2=" ">
    <subfield code="a">United States.</subfield>
    <subfield code="t">Public Law 114-39</subfield>
  </datafield>
  <datafield tag="670" ind1=" " ind2=" ">
    <subfield code="a">An Act to Amend Title XVIII of the Social Security Act to Provide for an Increase in the Limit on the Length of an Agreement under the Medicare Independence at Home Medical Practice Demonstration Program, 2015, Public Law 114-39:</subfield>
    <subfield code="b">citation title, 129 Stat. 440 (Medicare Independence at Home Medical Practice Demonstration Improvement Act of 2015) (Approved July 30, 2015)</subfield>
  </datafield>
</record>